<?xml version="1.0" encoding="UTF-8"?><collection xmlns="http://www.loc.gov/MARC21/slim"><record><leader>00480nam--2200133-i-4500</leader><controlfield tag="001">000041291</controlfield><controlfield tag="002">20161230</controlfield><controlfield tag="005">20161230201043</controlfield><controlfield tag="008">060222s1000------------r-----000-0-eng-d</controlfield><datafield ind1=" " ind2=" " tag="080"><subfield code="a">519.972(043)</subfield></datafield><datafield ind1=" " ind2=" " tag="100"><subfield code="a">Serre,Denis</subfield></datafield><datafield ind1=" " ind2=" " tag="245"><subfield code="a">Invariants des equatiions de la mecanique. calcul des variations:formes quadratiques positives sur un cone. remarques sur lel equations de navier-stokes dans le cas stationnaire. these</subfield></datafield><datafield ind1=" " ind2=" " tag="260"><subfield code="a">Orsay, Univ.Paris-sud, 1982. P.Dif</subfield></datafield><datafield ind1=" " ind2=" " tag="852"><subfield code="a">71062</subfield></datafield></record></collection>